{
  "leader": "02194cam a2200541 a 4500",
  "fields": [
    {
      "001": "ocm17872402\\"
    },
    {
      "003": "OCoLC"
    },
    {
      "005": "20220712102117.0"
    },
    {
      "008": "880414s1988\\\\\\\\nyua\\\\\\\\\\b\\\\\\\\000\\0\\eng\\\\"
    },
    {
      "010": {
        "ind1": "\\",
        "ind2": "\\",
        "subfields": [
          {
            "a": "   88012750 "
          }
        ]
      }
    },
    {
      "040": {
        "ind1": "\\",
        "ind2": "\\",
        "subfields": [
          {
            "a": "DLC"
          },
          {
            "b": "eng"
          },
          {
            "c": "DLC"
          },
          {
            "d": "NLM"
          },
          {
            "d": "MUQ"
          },
          {
            "d": "BAKER"
          },
          {
            "d": "BTCTA"
          },
          {
            "d": "YDXCP"
          },
          {
            "d": "OCLCG"
          },
          {
            "d": "BDX"
          },
          {
            "d": "GBVCP"
          },
          {
            "d": "OCLCO"
          },
          {
            "d": "OCLCF"
          },
          {
            "d": "OCLCO"
          },
          {
            "d": "OCLCQ"
          },
          {
            "d": "OCLCO"
          },
          {
            "d": "L2U"
          },
          {
            "d": "OCLCQ"
          },
          {
            "d": "OCLCO"
          },
          {
            "d": "OCLCQ"
          },
          {
            "d": "CPO"
          },
          {
            "d": "OCLCQ"
          },
          {
            "d": "OCLCA"
          },
          {
            "d": "IL4J6"
          },
          {
            "d": "OCLCO"
          }
        ]
      }
    },
    {
      "016": {
        "ind1": "7",
        "ind2": "\\",
        "subfields": [
          {
            "a": "9010620"
          },
          {
            "2": "DNLM"
          }
        ]
      }
    },
    {
      "019": {
        "ind1": "\\",
        "ind2": "\\",
        "subfields": [
          {
            "a": "22207087"
          },
          {
            "a": "1017295025"
          },
          {
            "a": "1037143974"
          }
        ]
      }
    },
    {
      "020": {
        "ind1": "\\",
        "ind2": "\\",
        "subfields": [
          {
            "a": "0889461872"
          }
        ]
      }
    },
    {
      "020": {
        "ind1": "\\",
        "ind2": "\\",
        "subfields": [
          {
            "a": "9780889461871"
          }
        ]
      }
    },
    {
      "035": {
        "ind1": "\\",
        "ind2": "\\",
        "subfields": [
          {
            "a": "(OCoLC)17872402"
          },
          {
            "z": "(OCoLC)22207087"
          },
          {
            "z": "(OCoLC)1017295025"
          },
          {
            "z": "(OCoLC)1037143974"
          }
        ]
      }
    },
    {
      "043": {
        "ind1": "\\",
        "ind2": "\\",
        "subfields": [
          {
            "a": "f------"
          }
        ]
      }
    },
    {
      "050": {
        "ind1": "0",
        "ind2": "0",
        "subfields": [
          {
            "a": "RA644.A25"
          },
          {
            "b": "A3635 1988"
          }
        ]
      }
    },
    {
      "060": {
        "ind1": "0",
        "ind2": "0",
        "subfields": [
          {
            "a": "W1"
          },
          {
            "b": "ST918V v.1 1988"
          }
        ]
      }
    },
    {
      "060": {
        "ind1": "1",
        "ind2": "0",
        "subfields": [
          {
            "a": "WD 308"
          },
          {
            "b": "A288316 1988"
          }
        ]
      }
    },
    {
      "082": {
        "ind1": "0",
        "ind2": "0",
        "subfields": [
          {
            "a": "362.19697920096"
          },
          {
            "b": "AID"
          }
        ]
      }
    },
    {
      "245": {
        "ind1": "0",
        "ind2": "0",
        "subfields": [
          {
            "a": "AIDS in Africa :"
          },
          {
            "b": "the social and policy impact /"
          },
          {
            "c": "Norman Miller and Richard Rockwell, editors."
          }
        ]
      }
    },
    {
      "260": {
        "ind1": "\\",
        "ind2": "\\",
        "subfields": [
          {
            "a": "Lewiston :"
          },
          {
            "b": "Edwin Mellen Press,"
          },
          {
            "c": "\u00a91988."
          }
        ]
      }
    },
    {
      "300": {
        "ind1": "\\",
        "ind2": "\\",
        "subfields": [
          {
            "a": "xxxi, 336 pages :"
          },
          {
            "b": "illustrations ;"
          },
          {
            "c": "24 cm."
          }
        ]
      }
    },
    {
      "336": {
        "ind1": "\\",
        "ind2": "\\",
        "subfields": [
          {
            "a": "text"
          },
          {
            "b": "txt"
          },
          {
            "2": "rdacontent"
          }
        ]
      }
    },
    {
      "337": {
        "ind1": "\\",
        "ind2": "\\",
        "subfields": [
          {
            "a": "unmediated"
          },
          {
            "b": "n"
          },
          {
            "2": "rdamedia"
          }
        ]
      }
    },
    {
      "338": {
        "ind1": "\\",
        "ind2": "\\",
        "subfields": [
          {
            "a": "volume"
          },
          {
            "b": "nc"
          },
          {
            "2": "rdacarrier"
          }
        ]
      }
    },
    {
      "490": {
        "ind1": "1",
        "ind2": "\\",
        "subfields": [
          {
            "a": "Studies in African health and medicine ;"
          },
          {
            "v": "v. 10 [i.e. 1]"
          }
        ]
      }
    },
    {
      "500": {
        "ind1": "\\",
        "ind2": "\\",
        "subfields": [
          {
            "a": "\"Published in association with the National Council for International Health ... [and] the African-Caribbean Institute\"--Title page verso."
          }
        ]
      }
    },
    {
      "504": {
        "ind1": "\\",
        "ind2": "\\",
        "subfields": [
          {
            "a": "Includes bibliographical references."
          }
        ]
      }
    },
    {
      "650": {
        "ind1": "\\",
        "ind2": "0",
        "subfields": [
          {
            "a": "AIDS (Disease)"
          },
          {
            "z": "Africa."
          }
        ]
      }
    },
    {
      "650": {
        "ind1": "\\",
        "ind2": "0",
        "subfields": [
          {
            "a": "AIDS (Disease)"
          },
          {
            "x": "Social aspects"
          },
          {
            "z": "Africa."
          }
        ]
      }
    },
    {
      "650": {
        "ind1": "\\",
        "ind2": "0",
        "subfields": [
          {
            "a": "AIDS (Disease)"
          },
          {
            "z": "Africa"
          },
          {
            "x": "Epidemiology."
          }
        ]
      }
    },
    {
      "650": {
        "ind1": "\\",
        "ind2": "0",
        "subfields": [
          {
            "a": "AIDS (Disease)"
          }
        ]
      }
    },
    {
      "651": {
        "ind1": "\\",
        "ind2": "0",
        "subfields": [
          {
            "a": "Africa."
          }
        ]
      }
    },
    {
      "650": {
        "ind1": "\\",
        "ind2": "2",
        "subfields": [
          {
            "a": "Acquired Immunodeficiency Syndrome"
          }
        ]
      }
    },
    {
      "650": {
        "ind1": "\\",
        "ind2": "2",
        "subfields": [
          {
            "a": "Public Policy"
          }
        ]
      }
    },
    {
      "651": {
        "ind1": "\\",
        "ind2": "2",
        "subfields": [
          {
            "a": "Africa"
          }
        ]
      }
    },
    {
      "650": {
        "ind1": "\\",
        "ind2": "7",
        "subfields": [
          {
            "a": "AIDS (Disease)"
          },
          {
            "2": "fast"
          },
          {
            "0": "(OCoLC)fst00793808"
          }
        ]
      }
    },
    {
      "650": {
        "ind1": "\\",
        "ind2": "7",
        "subfields": [
          {
            "a": "AIDS (Disease)"
          },
          {
            "x": "Epidemiology."
          },
          {
            "2": "fast"
          },
          {
            "0": "(OCoLC)fst00793830"
          }
        ]
      }
    },
    {
      "650": {
        "ind1": "\\",
        "ind2": "7",
        "subfields": [
          {
            "a": "AIDS (Disease)"
          },
          {
            "x": "Social aspects."
          },
          {
            "2": "fast"
          },
          {
            "0": "(OCoLC)fst00793952"
          }
        ]
      }
    },
    {
      "651": {
        "ind1": "\\",
        "ind2": "7",
        "subfields": [
          {
            "a": "Africa."
          },
          {
            "2": "fast"
          },
          {
            "0": "(OCoLC)fst01239509"
          }
        ]
      }
    },
    {
      "700": {
        "ind1": "1",
        "ind2": "\\",
        "subfields": [
          {
            "a": "Miller, Norman N.,"
          },
          {
            "d": "1933-"
          }
        ]
      }
    },
    {
      "700": {
        "ind1": "1",
        "ind2": "\\",
        "subfields": [
          {
            "a": "Rockwell, Richard C."
          }
        ]
      }
    },
    {
      "830": {
        "ind1": "\\",
        "ind2": "0",
        "subfields": [
          {
            "a": "Studies in African health and medicine ;"
          },
          {
            "v": "v. 1."
          }
        ]
      }
    },
    {
      "994": {
        "ind1": "\\",
        "ind2": "\\",
        "subfields": [
          {
            "a": "Z0"
          },
          {
            "b": "NYRVC"
          }
        ]
      }
    },
    {
      "948": {
        "ind1": "\\",
        "ind2": "\\",
        "subfields": [
          {
            "h": "NO HOLDINGS IN NYRVC - 278 OTHER HOLDINGS"
          }
        ]
      }
    },
    {
      "999": {
        "ind1": "\\",
        "ind2": "\\",
        "subfields": [
          {
            "a": "00000000026460"
          }
        ]
      }
    }
  ]
}